,Total Flooded Area (m^2),Fractional Flooded Area
2017-01-08 00:00:00.000000000,112278.95349423273,0.06828469433011808
2017-01-16 00:00:00.000000000,,
2017-01-24 00:00:00.000000001,,
2017-02-01 00:00:00.000000001,103563.71355082195,0.06298434660662411
2017-02-09 00:00:00.000000002,,
2017-02-17 00:00:00.000000002,70558.59149148977,0.04291162058798074
2017-02-25 00:00:00.000000003,119410.11779985606,0.07262165472806434
2017-03-05 00:00:00.000000003,80741.19800531723,0.04910437668021037
2017-03-13 00:00:00.000000004,38285.81487833658,0.023284285120104786
2017-03-21 00:00:00.000000004,47664.6394956701,0.028988205153553454
2017-03-29 00:00:00.000000005,110252.86912153654,0.06705249053972832
2017-04-06 00:00:00.000000005,88526.57403094723,0.053839209038462454
2017-04-14 00:00:00.000000006,127878.78174968051,0.07777204232254754
2017-04-22 00:00:00.000000006,58897.82800607121,0.03581989372842724
2017-04-30 00:00:00.000000007,77329.83520798026,0.04702968807102898
2017-05-08 00:00:00.000000007,112393.56502924902,0.0683543976306186
2017-05-16 00:00:00.000000008,79383.27161548089,0.048278526549201284
2017-05-24 00:00:00.000000008,20103.309781003463,0.012226230479517307
2017-06-01 00:00:00.000000009,22263.18775431315,0.013539803527785721
2017-06-09 00:00:00.000000009,14911.055945512358,0.00906845731716676
2017-06-17 00:00:00.000000010,31646.656531689216,0.01924654800017915
2017-06-25 00:00:00.000000010,,
2017-07-03 00:00:00.000000011,17141.861266700897,0.010425166252605712
2017-07-11 00:00:00.000000011,37506.564851558884,0.022810368609224724
2017-07-19 00:00:00.000000012,,
2017-07-27 00:00:00.000000012,49936.18146347345,0.030369688896519174
2017-08-04 00:00:00.000000013,31937.373484652646,0.019423353337705836
2017-08-12 00:00:00.000000013,22562.867677456725,0.013722059875141003
2017-08-20 00:00:00.000000014,41199.809896940336,0.025056489553191747
2017-08-28 00:00:00.000000014,23765.329083610985,0.014453360862616142
2017-09-05 00:00:00.000000015,65984.80965238086,0.040129983557205956
2017-09-13 00:00:00.000000015,29509.103289884686,0.017946552184503216
2017-09-21 00:00:00.000000016,25741.051189736758,0.015654935831917804
2017-09-29 00:00:00.000000016,22204.369797560747,0.013504032209359902
2017-10-07 00:00:00.000000017,63929.39542837702,0.038879942230314816
2017-10-15 00:00:00.000000017,19735.45130181406,0.012002509977798517
2017-10-23 00:00:00.000000018,23118.408138020826,0.014059922932793933
2017-10-31 00:00:00.000000018,57018.440444138476,0.0346769065415989
2017-11-08 00:00:00.000000019,57986.16034961776,0.035265444783952736
2017-11-16 00:00:00.000000019,33425.73760334092,0.020328531785969203
2017-11-24 00:00:00.000000020,94865.23932429297,0.05769419528964153
2017-12-02 00:00:00.000000020,47792.87206854727,0.029066192361036042
2017-12-10 00:00:00.000000021,10889.442268371582,0.006622632413112183
2017-12-18 00:00:00.000000021,71210.72960827395,0.043308231444955936
2017-12-26 00:00:00.000000022,31581.347482778507,0.019206828994051368
2018-01-03 00:00:00.000000022,104832.84371568264,0.06375619353497206
2018-01-11 00:00:00.000000023,58967.89897392126,0.03586250879093138
2018-01-19 00:00:00.000000023,36804.22806010527,0.02238322842285249
2018-01-27 00:00:00.000000024,108930.4325350593,0.0662482242434344
2018-02-04 00:00:00.000000024,73130.33267128143,0.04447567649421316
2018-02-12 00:00:00.000000025,58456.23663144579,0.03555133108960052
2018-02-20 00:00:00.000000025,111361.40346419397,0.0677266679023334
2018-02-28 00:00:00.000000026,77701.22585078227,0.0472555567287922
2018-03-08 00:00:00.000000026,71147.35141613531,0.04326968672804597
2018-03-16 00:00:00.000000027,106052.63196752213,0.06449803219067886
2018-03-24 00:00:00.000000027,148316.45769880712,0.09020162428401285
2018-04-01 00:00:00.000000028,45271.47330567604,0.027532753203929505
2018-04-09 00:00:00.000000028,92145.20323561128,0.056039950864464734
2018-04-17 00:00:00.000000029,15873.693960870483,0.009653904906261519
2018-04-25 00:00:00.000000029,5427.708430690392,0.0033009695901889203
2018-05-03 00:00:00.000000030,14966.346534758923,0.00910208339639654
2018-05-11 00:00:00.000000030,7262.765569799087,0.004416996342511426
2018-05-19 00:00:00.000000031,3042.5487973680683,0.001850386988363038
2018-05-27 00:00:00.000000031,16107.54500128054,0.00979612610013826
2018-06-04 00:00:00.000000032,5477.83816354789,0.0033314569912422315
2018-06-12 00:00:00.000000032,10782.588067208086,0.006557646890560861
2018-06-20 00:00:00.000000033,,
2018-06-28 00:00:00.000000033,9031.696783058316,0.005492807288635143
2018-07-06 00:00:00.000000034,4593.9893752154185,0.0027939266485816354
2018-07-14 00:00:00.000000034,22133.61501940559,0.013461001273923117
2018-07-22 00:00:00.000000035,4695.46802520752,0.0028556429220246335
2018-07-30 00:00:00.000000035,5594.607353210449,0.003402472512630156
2018-08-07 00:00:00.000000036,16729.33541804295,0.01017428039553075
2018-08-15 00:00:00.000000036,31788.66432067273,0.01933291288123171
2018-08-23 00:00:00.000000037,6876.507463283166,0.004182085738919769
2018-08-31 00:00:00.000000037,37053.742877765726,0.022534975856583733
2018-09-08 00:00:00.000000038,21135.68378493365,0.012854089406759214
2018-09-16 00:00:00.000000038,13341.632751764035,0.008113981168925793
2018-09-24 00:00:00.000000039,37999.48506759942,0.023110147910990236
2018-10-02 00:00:00.000000039,39539.457578861024,0.02404671303682822
2018-10-10 00:00:00.000000040,16954.254616172642,0.010311069510634591
2018-10-18 00:00:00.000000040,52532.57846305699,0.03194873973337352
2018-10-26 00:00:00.000000041,48380.948111949256,0.029423842585025995
2018-11-03 00:00:00.000000041,16432.77603122487,0.009993921864841025
2018-11-11 00:00:00.000000042,58352.49202623554,0.03548823673010825
2018-11-19 00:00:00.000000042,6094.105621337891,0.003706252388519876
2018-11-27 00:00:00.000000043,3096.995895385742,0.0018835000815082266
2018-12-05 00:00:00.000000043,,
2018-12-13 00:00:00.000000044,2897.189842224121,0.0017619840284916707
2018-12-21 00:00:00.000000044,3796.32430267334,0.002308810658796915
2018-12-29 00:00:00.000000045,14086.350769042969,0.008566896346609879
2019-01-06 00:00:00.000000045,105951.78470342302,0.0644366999072123
2019-01-14 00:00:00.000000046,31303.129288198434,0.019037625026765072
2019-01-22 00:00:00.000000046,117482.3588942584,0.0714492495397878
2019-01-30 00:00:00.000000047,107577.30524947222,0.06542529278379267
2019-02-07 00:00:00.000000047,47528.523838865985,0.028905423690695507
2019-02-15 00:00:00.000000048,111192.56906277523,0.06762398787963549
2019-02-23 00:00:00.000000048,28176.666673757514,0.017136204169893567
2019-03-03 00:00:00.000000049,30697.49110918232,0.01866929403826072
2019-03-11 00:00:00.000000049,22280.09750198663,0.013550087529507758
2019-03-19 00:00:00.000000050,61826.79541985008,0.03760120392351237
2019-03-27 00:00:00.000000050,13440.73693961349,0.008174253365660173
2019-04-04 00:00:00.000000051,29553.471349738622,0.017973535508722587
2019-04-12 00:00:00.000000051,20742.003731910856,0.012614664997750031
2019-04-20 00:00:00.000000052,46647.23994667202,0.028369453240992194
2019-04-28 00:00:00.000000052,68778.53046378343,0.04182904082228915
2019-05-06 00:00:00.000000053,49739.21984965007,0.03024990274625561
2019-05-14 00:00:00.000000053,21878.923225402832,0.01330610535834299
2019-05-22 00:00:00.000000054,,
2019-05-30 00:00:00.000000054,21130.934463590736,0.012851201011863433
2019-06-07 00:00:00.000000055,29707.501617012775,0.018067212100738046
2019-06-15 00:00:00.000000055,25677.933085602406,0.01561654929273678
2019-06-23 00:00:00.000000056,48942.302410499724,0.029765241444691937
2019-07-01 00:00:00.000000056,2818.8377908444872,0.0017143326591825435
2019-07-09 00:00:00.000000057,16189.85450586057,0.00984618427387248
2019-07-17 00:00:00.000000057,50026.34931550868,0.030424526281648042
2019-07-25 00:00:00.000000058,7792.45100402832,0.004739135148065193
2019-08-02 00:00:00.000000058,38178.5763877719,0.023219065884257446
2019-08-10 00:00:00.000000059,18946.037651959592,0.011522412255983678
2019-08-18 00:00:00.000000059,7525.666573378619,0.004576884853312623
2019-08-26 00:00:00.000000060,39859.276677928254,0.02424121742737601
2019-09-03 00:00:00.000000060,47986.25728478526,0.029183803453478697
2019-09-11 00:00:00.000000061,,
2019-09-19 00:00:00.000000061,38552.89857411104,0.023446717418936763
2019-09-27 00:00:00.000000062,9504.575425600537,0.005780397906077934
2019-10-05 00:00:00.000000062,10689.657066345217,0.006501129041131147
2019-10-13 00:00:00.000000063,48692.743060811365,0.02961346692791602
2019-10-21 00:00:00.000000063,10959.190866627412,0.006665051420091066
2019-10-29 00:00:00.000000064,38606.71944002637,0.023479449656486514
2019-11-06 00:00:00.000000064,80964.44418092615,0.049240148313160315
2019-11-14 00:00:00.000000065,77349.67863931098,0.04704175625122402
2019-11-22 00:00:00.000000065,66080.85896606446,0.040188397871032275
2019-11-30 00:00:00.000000066,82841.39907067988,0.05038165602168057
2019-12-08 00:00:00.000000066,135716.29059247786,0.08253858029769445
2019-12-16 00:00:00.000000067,92484.7300802792,0.05624644091521329
2019-12-24 00:00:00.000000067,94765.2633244533,0.057633392882984344
2020-01-01 00:00:00.000000068,37059.66293284098,0.02253857625664671
2020-01-09 00:00:00.000000068,55668.4292656992,0.03385587020492959
2020-01-17 00:00:00.000000069,93791.30972349881,0.0570410634938766
2020-01-25 00:00:00.000000069,93291.53915985707,0.05673711801601623
2020-02-02 00:00:00.000000070,88719.12529051541,0.053956312943453585
2020-02-10 00:00:00.000000070,115071.58116090062,0.06998308677733699
2020-02-18 00:00:00.000000071,85387.18483222515,0.051929926620462155
2020-02-26 00:00:00.000000071,27808.381189862415,0.016912223976710803
2020-03-05 00:00:00.000000072,82701.58141706881,0.05029662311531957
2020-03-13 00:00:00.000000072,117392.33691280588,0.07139450086877536
2020-03-21 00:00:00.000000073,109296.67447402056,0.06647096161383681
2020-03-29 00:00:00.000000073,142613.49690722296,0.08673325445769473
2020-04-06 00:00:00.000000074,150720.26892386045,0.09166355022491061
2020-04-14 00:00:00.000000074,51625.85069116331,0.031397295078631794
2020-04-22 00:00:00.000000075,111658.49284273037,0.06790734875810149
2020-04-30 00:00:00.000000075,44049.11393719842,0.02678935087214399
2020-05-08 00:00:00.000000076,50483.90996961407,0.03070280095762888
2020-05-16 00:00:00.000000076,71285.20054838892,0.04335352243871719
2020-05-24 00:00:00.000000077,58502.86496034512,0.035579689041709314
2020-06-01 00:00:00.000000077,33602.92819495108,0.020436293793092773
2020-06-09 00:00:00.000000078,53389.84559505687,0.03247010390934863
2020-06-17 00:00:00.000000078,20209.85754032509,0.01229102963332497
2020-06-25 00:00:00.000000079,53505.9604724959,0.03254072149765302
2020-07-03 00:00:00.000000079,64035.04648988013,0.03894419603938477
2020-07-11 00:00:00.000000080,28767.604900105795,0.01749559508776712
2020-07-19 00:00:00.000000080,33771.29713071935,0.020538690733532858
2020-07-27 00:00:00.000000081,46690.33679354799,0.028395663451578707
2020-08-04 00:00:00.000000081,19733.02907777674,0.01200103685373706
2020-08-12 00:00:00.000000082,24699.24604788388,0.015021341169258046
2020-08-20 00:00:00.000000082,7892.350028991699,0.004799890740909684
2020-08-28 00:00:00.000000083,39964.60339280671,0.02430527397855005
2020-09-05 00:00:00.000000083,33548.39902050541,0.020403130783524043
2020-09-13 00:00:00.000000084,17271.63823029761,0.01050409271223599
2020-09-21 00:00:00.000000084,32127.755782213397,0.019539138145011414
2020-09-29 00:00:00.000000085,29689.778819484334,0.018056433626462667
2020-10-07 00:00:00.000000085,27466.494570354378,0.01670429878163083
2020-10-15 00:00:00.000000086,36904.77313154632,0.022444376921801623
2020-10-23 00:00:00.000000086,27500.188992249725,0.016724790719150288
2020-10-31 00:00:00.000000087,38212.231745013065,0.023239534063825062
2020-11-08 00:00:00.000000087,104995.13248802637,0.06385489270224984
2020-11-16 00:00:00.000000088,54163.11573327757,0.03294038363123543
2020-11-24 00:00:00.000000088,108100.48693015901,0.06574347620137012
2020-12-02 00:00:00.000000089,113508.54764326506,0.06903249663859869
2020-12-10 00:00:00.000000089,79340.52698421103,0.04825253054558992
2020-12-18 00:00:00.000000090,154799.45648507515,0.09414438983967487
