,Total Flooded Area (m^2),Fractional Flooded Area
2017-01-03 00:00:00.000000000,6601530.730967533,0.027683885937743364
2017-01-11 00:00:00.000000000,,
2017-01-19 00:00:00.000000001,,
2017-01-27 00:00:00.000000001,21259495.976787254,0.08915287767342317
2017-02-04 00:00:00.000000002,,
2017-02-12 00:00:00.000000002,,
2017-02-20 00:00:00.000000003,18020523.407572664,0.07557006622925459
2017-02-28 00:00:00.000000003,6014828.952761542,0.0252235194304522
2017-03-08 00:00:00.000000004,4375542.111475507,0.018349078973707564
2017-03-16 00:00:00.000000004,4114435.1228565606,0.017254112308390662
2017-03-24 00:00:00.000000005,2255535.935635226,0.009458715276094038
2017-04-01 00:00:00.000000005,2255535.935635226,0.009458715276094038
2017-04-09 00:00:00.000000006,3368624.1725074323,0.014126512646734738
2017-04-17 00:00:00.000000006,7619803.353696784,0.031954068761997495
2017-04-25 00:00:00.000000007,7619803.353696784,0.031954068761997495
2017-05-03 00:00:00.000000007,8306162.748736484,0.03483235502300726
2017-05-11 00:00:00.000000008,37013975.19557434,0.15522016168310127
2017-05-19 00:00:00.000000008,37013975.19557434,0.15522016168310127
2017-05-27 00:00:00.000000009,47070091.99206138,0.19739104624244203
2017-06-04 00:00:00.000000009,36324750.10971748,0.15232985798841617
2017-06-12 00:00:00.000000010,29696907.35729688,0.12453563112666843
2017-06-20 00:00:00.000000010,31710073.728083163,0.13297795616517963
2017-06-28 00:00:00.000000011,28112496.32318565,0.11789131541651363
2017-07-06 00:00:00.000000011,10382329.475131076,0.04353887555340886
2017-07-14 00:00:00.000000012,10423234.03608602,0.043710411102656256
2017-07-22 00:00:00.000000012,16294107.915412934,0.06833024693372308
2017-07-30 00:00:00.000000013,13011152.733477095,0.054562991959191585
2017-08-07 00:00:00.000000013,15760376.862046547,0.0660920161043922
2017-08-15 00:00:00.000000014,31367632.47386406,0.1315419097376884
2017-08-23 00:00:00.000000014,31367632.47386406,0.1315419097376884
2017-08-31 00:00:00.000000015,36843689.94422645,0.1545060610195868
2017-09-08 00:00:00.000000015,36124344.08334032,0.1514894441811402
2017-09-16 00:00:00.000000016,36124344.08334032,0.1514894441811402
2017-09-24 00:00:00.000000016,19087507.08672106,0.08004452157525717
2017-10-02 00:00:00.000000017,7250147.212745189,0.030403895194784467
2017-10-10 00:00:00.000000017,7250147.212745189,0.030403895194784467
2017-10-18 00:00:00.000000018,23415207.12978336,0.09819297217670495
2017-10-26 00:00:00.000000018,13498493.123528698,0.056606680964190983
2017-11-03 00:00:00.000000019,8741650.526287843,0.03665859721626994
2017-11-11 00:00:00.000000019,8456065.171944983,0.0354609791641369
2017-11-19 00:00:00.000000020,9928230.92784588,0.04163458806315039
2017-11-27 00:00:00.000000020,8660045.671868866,0.036316382724848495
2017-12-05 00:00:00.000000021,10891279.7614779,0.0456731868592872
2017-12-13 00:00:00.000000021,4348817.393944445,0.018237007385768462
2017-12-21 00:00:00.000000022,4348817.393944445,0.018237007385768462
2017-12-29 00:00:00.000000022,6142520.249269192,0.025758999977589223
2018-01-06 00:00:00.000000023,12889522.490181902,0.05405292877548653
2018-01-14 00:00:00.000000023,11828468.63365338,0.04960334047013402
2018-01-22 00:00:00.000000024,24299098.60900421,0.10189962020869965
2018-01-30 00:00:00.000000024,36806143.43108744,0.15434860763044717
2018-02-07 00:00:00.000000025,36806143.43108744,0.15434860763044717
2018-02-15 00:00:00.000000025,23122374.28605304,0.09696496137511514
2018-02-23 00:00:00.000000026,4109396.252397185,0.01723298152513186
2018-03-03 00:00:00.000000026,4109396.252397185,0.01723298152513186
2018-03-11 00:00:00.000000027,4528046.046907193,0.0189886127008995
2018-03-19 00:00:00.000000027,8138012.312622071,0.034127206825796494
2018-03-27 00:00:00.000000028,6804122.357790271,0.028533465181931863
2018-04-04 00:00:00.000000028,2968420.961008768,0.012448238241818984
2018-04-12 00:00:00.000000029,4601907.526652078,0.01929835492036057
2018-04-20 00:00:00.000000029,2403538.5374401617,0.010079372410603292
2018-04-28 00:00:00.000000030,6185661.895370724,0.02593991686770362
2018-05-06 00:00:00.000000030,37119985.82990813,0.15566472316871513
2018-05-14 00:00:00.000000031,32891269.34250069,0.1379313656079779
2018-05-22 00:00:00.000000031,87558128.94675773,0.3671798789504397
2018-05-30 00:00:00.000000032,50930685.23611185,0.21358065852720556
2018-06-07 00:00:00.000000032,50930685.23611185,0.21358065852720556
2018-06-15 00:00:00.000000033,32455161.839780737,0.13610252456278535
2018-06-23 00:00:00.000000033,13107246.606415484,0.054965966954863915
2018-07-01 00:00:00.000000034,7547359.909866032,0.03165027315493623
2018-07-09 00:00:00.000000034,11183544.631550714,0.04689881583178451
2018-07-17 00:00:00.000000035,7787854.71871999,0.032658801499082346
2018-07-25 00:00:00.000000035,7947463.986187595,0.03332813183097831
2018-08-02 00:00:00.000000036,7061667.475931055,0.029613494945481433
2018-08-10 00:00:00.000000036,6750135.506377785,0.028307068320726592
2018-08-18 00:00:00.000000037,6750135.506377785,0.028307068320726592
2018-08-26 00:00:00.000000037,10914978.90781029,0.04577257054628726
2018-09-03 00:00:00.000000038,13968074.679207055,0.058575897310467445
2018-09-11 00:00:00.000000038,20736881.901902206,0.08696126651107439
2018-09-19 00:00:00.000000039,8986244.93262817,0.03768431745027137
2018-09-27 00:00:00.000000039,8429879.085686447,0.03535116635636846
2018-10-05 00:00:00.000000040,6548987.428721169,0.027463542680177776
2018-10-13 00:00:00.000000040,7634148.546025141,0.032014226123124406
2018-10-21 00:00:00.000000041,11373303.949998897,0.04769458207777053
2018-10-29 00:00:00.000000041,7953313.2748930715,0.03335266114818345
2018-11-06 00:00:00.000000042,8950347.055345723,0.03753377770720353
2018-11-14 00:00:00.000000042,11065735.413510077,0.046404776329801646
2018-11-22 00:00:00.000000043,10555592.23026258,0.04426546254448641
2018-11-30 00:00:00.000000043,13405365.373331025,0.05621614456904597
2018-12-08 00:00:00.000000044,17970158.57269191,0.07535885849563435
2018-12-16 00:00:00.000000044,17970158.57269191,0.07535885849563435
2018-12-24 00:00:00.000000045,15550035.259071115,0.06520993690457601
2019-01-01 00:00:00.000000045,9652066.8995525,0.040476478865306635
2019-01-09 00:00:00.000000046,9727023.098247062,0.0407908118495118
2019-01-17 00:00:00.000000046,21481694.53652447,0.09008467968025778
2019-01-25 00:00:00.000000047,26053997.07891487,0.10925888445410091
2019-02-02 00:00:00.000000047,25134811.54297296,0.10540422883411414
2019-02-10 00:00:00.000000048,20117188.635332324,0.08436254836414032
2019-02-18 00:00:00.000000048,13050281.04065678,0.054727078689534
2019-02-26 00:00:00.000000049,13050281.04065678,0.054727078689534
2019-03-06 00:00:00.000000049,5421059.809932575,0.022733515536912857
2019-03-14 00:00:00.000000050,4699199.559472837,0.01970635446607598
2019-03-22 00:00:00.000000050,4699199.559472837,0.01970635446607598
2019-03-30 00:00:00.000000051,3772045.6831632718,0.015818283167992546
2019-04-07 00:00:00.000000051,2401744.213674029,0.010071847814187497
2019-04-15 00:00:00.000000052,2401744.213674029,0.010071847814187497
2019-04-23 00:00:00.000000052,7709876.428356992,0.03233179520554153
2019-05-01 00:00:00.000000053,9758230.56770636,0.04092168210674836
2019-05-09 00:00:00.000000053,9715174.13697004,0.04074112257200301
2019-05-17 00:00:00.000000054,14950098.371949945,0.06269406823263345
2019-05-25 00:00:00.000000054,24656406.44230565,0.10339801046164171
2019-06-02 00:00:00.000000055,24672447.381574485,0.10346527903178857
2019-06-10 00:00:00.000000055,13773528.506321864,0.057760057124415815
2019-06-18 00:00:00.000000056,5552465.03200531,0.02328457063727324
2019-06-26 00:00:00.000000056,5552465.03200531,0.02328457063727324
2019-07-04 00:00:00.000000057,5808033.501020335,0.02435631121288042
2019-07-12 00:00:00.000000057,10187241.309062555,0.0427207624888268
2019-07-20 00:00:00.000000058,10187241.309062555,0.0427207624888268
2019-07-28 00:00:00.000000058,6779177.442129998,0.02842885729203351
2019-08-05 00:00:00.000000059,11862344.499181833,0.04974540079455738
2019-08-13 00:00:00.000000059,11862344.499181833,0.04974540079455738
2019-08-21 00:00:00.000000060,14946513.729754755,0.06267903583640544
2019-08-29 00:00:00.000000060,11060869.77754986,0.04638437201504093
2019-09-06 00:00:00.000000061,10928649.05752549,0.045829897078706806
2019-09-14 00:00:00.000000061,14352071.089561192,0.06018620759424444
2019-09-22 00:00:00.000000062,8303978.035583258,0.0348231933070045
2019-09-30 00:00:00.000000062,7612119.819939137,0.03192184743624532
2019-10-08 00:00:00.000000063,4228079.734699892,0.017730687302876646
2019-10-16 00:00:00.000000063,8381747.412531772,0.03514932351053329
2019-10-24 00:00:00.000000064,4982500.399688363,0.020894392281275855
2019-11-01 00:00:00.000000064,6274674.510547833,0.02631319621548031
2019-11-09 00:00:00.000000065,4736753.004244337,0.01986383692340163
2019-11-17 00:00:00.000000065,4736753.004244337,0.01986383692340163
2019-11-25 00:00:00.000000066,7436696.110347735,0.03118619836256564
2019-12-03 00:00:00.000000066,13441775.272048447,0.05636883150245212
2019-12-11 00:00:00.000000067,13441775.272048447,0.05636883150245212
2019-12-19 00:00:00.000000067,16326774.479461975,0.06846723598519706
2019-12-27 00:00:00.000000068,5417852.4127013255,0.022720065138402946
2020-01-04 00:00:00.000000068,3124349.0544454237,0.013102131365869851
2020-01-12 00:00:00.000000069,8853791.039930156,0.03712886469137397
2020-01-20 00:00:00.000000069,28369390.20813348,0.11896861419748245
2020-01-28 00:00:00.000000070,28369390.20813348,0.11896861419748245
2020-02-05 00:00:00.000000070,45025864.96102049,0.1888184665992517
2020-02-13 00:00:00.000000071,32840666.57866311,0.13771916010605653
2020-02-21 00:00:00.000000071,32840666.57866311,0.13771916010605653
2020-02-29 00:00:00.000000072,12030902.27394352,0.05045225718901947
2020-03-08 00:00:00.000000072,9314137.070431847,0.039059351349645416
2020-03-16 00:00:00.000000073,7893472.591964991,0.03310171591924639
2020-03-24 00:00:00.000000073,9321541.42139641,0.039090401906841855
2020-04-01 00:00:00.000000074,4879361.811299313,0.020461874879917963
2020-04-09 00:00:00.000000074,4879361.811299313,0.020461874879917963
2020-04-17 00:00:00.000000075,11928980.02368044,0.05002484056917928
2020-04-25 00:00:00.000000075,5454624.455027052,0.02287427074115322
2020-05-03 00:00:00.000000076,4250110.864976023,0.017823076071860625
2020-05-11 00:00:00.000000076,8988994.022958942,0.03769584591332808
2020-05-19 00:00:00.000000077,26445745.768681563,0.11090170435235383
2020-05-27 00:00:00.000000077,50100700.0162069,0.21010006938898096
2020-06-04 00:00:00.000000078,54181665.93669316,0.22721382673749843
2020-06-12 00:00:00.000000078,59545836.247942604,0.2497087730005895
2020-06-20 00:00:00.000000079,59545836.247942604,0.2497087730005895
2020-06-28 00:00:00.000000079,5100256.029728609,0.021388207059001428
2020-07-06 00:00:00.000000080,6876880.278341284,0.028838579564593597
2020-07-14 00:00:00.000000080,16938842.18687816,0.071033975926102
2020-07-22 00:00:00.000000081,17379615.00855926,0.07288238124558895
2020-07-30 00:00:00.000000081,14822093.941836545,0.06215727454232128
2020-08-07 00:00:00.000000082,14822093.941836545,0.06215727454232128
2020-08-15 00:00:00.000000082,17131622.395198382,0.07184241044162372
2020-08-23 00:00:00.000000083,29169965.89239731,0.12232587281384012
2020-08-31 00:00:00.000000083,29169965.89239731,0.12232587281384012
2020-09-08 00:00:00.000000084,22510827.62085338,0.09440040645369718
2020-09-16 00:00:00.000000084,24744375.850315057,0.1037669150621943
2020-09-24 00:00:00.000000085,27309055.12202249,0.11452204009581471
2020-10-02 00:00:00.000000085,15374273.713285735,0.06447287109604484
2020-10-10 00:00:00.000000086,8771110.771565372,0.036782140391814856
2020-10-18 00:00:00.000000086,7309465.024726956,0.030652647735354567
2020-10-26 00:00:00.000000087,7271913.919233614,0.030495175087921853
2020-11-03 00:00:00.000000087,6511067.182887118,0.027304522022214832
2020-11-11 00:00:00.000000088,6511067.182887118,0.027304522022214832
2020-11-19 00:00:00.000000088,8427643.595239017,0.035341791702960985
2020-11-27 00:00:00.000000089,11524912.197127786,0.04833035968629531
2020-12-05 00:00:00.000000089,11524912.197127786,0.04833035968629531
2020-12-13 00:00:00.000000090,16158793.399660807,0.06776279799309627
2020-12-21 00:00:00.000000090,11490261.64517822,0.04818505067131917
